<?xml version="1.0" encoding="UTF-8"?>
<record xmlns="http://www.loc.gov/MARC21/slim" xmlns:xsi="http://www.w3.org/2001/XMLSchema-instance" xsi:schemaLocation="http://www.loc.gov/MARC21/slim http://www.loc.gov/standards/marcxml/schema/MARC21slim.xsd">
<leader>     cam a2200253   4500</leader>
<controlfield tag="001">002855507</controlfield>
<controlfield tag="003">NNU</controlfield>
<controlfield tag="005">19940713181853.0</controlfield>
<controlfield tag="008">870818s1948    le            000 1 arar</controlfield>
<datafield tag="010" ind1=" " ind2=" ">
<subfield code="a">74219324</subfield>
</datafield>
<datafield tag="035" ind1="9" ind2=" ">
<subfield code="a">NYUb10569677</subfield>
</datafield>
<datafield tag="035" ind1=" " ind2=" ">
<subfield code="a">(CStRLIN)NYUG87-B27006</subfield>
</datafield>
<datafield tag="035" ind1=" " ind2=" ">
<subfield code="a">GLIS005696775</subfield>
</datafield>
<datafield tag="040" ind1=" " ind2=" ">
<subfield code="c">NNU</subfield>
</datafield>
<datafield tag="050" ind1=" " ind2="0">
<subfield code="a">PJ7860.I45</subfield>
<subfield code="b">K5 1948</subfield>
</datafield>
<datafield tag="090" ind1=" " ind2=" ">
<subfield code="a">PJ7860.I45</subfield>
<subfield code="b">K5 1948</subfield>
<subfield code="i">09/03/87 CT</subfield>
</datafield>
<datafield tag="100" ind1="1" ind2=" ">
<subfield code="a">Rihani, Ameen Fares,</subfield>
<subfield code="d">1876-1940.</subfield>
</datafield>
<datafield tag="245" ind1="1" ind2="0">
<subfield code="a">Khārij al-ḥarīm</subfield>
<subfield code="c">[taʼlīf] Amīn al-Rīḥānī.</subfield>
</datafield>
<datafield tag="250" ind1=" " ind2=" ">
<subfield code="a">al-Ṭabʻah 4., ashrafa ʻalá taṣḥīḥihā wa-tabʻihā Albirt al-Rīḥānī.</subfield>
</datafield>
<datafield tag="260" ind1=" " ind2=" ">
<subfield code="a">[Bayrūt,</subfield>
<subfield code="b">Maṭābiʻ Ṣādir Rīḥānī,</subfield>
<subfield code="c">1948]</subfield>
</datafield>
<datafield tag="300" ind1=" " ind2=" ">
<subfield code="a">131 p.</subfield>
<subfield code="c">21 cm.</subfield>
</datafield>
<datafield tag="500" ind1=" " ind2=" ">
<subfield code="a">A novel.</subfield>
</datafield>
<datafield tag="OWN" ind1=" " ind2=" ">
<subfield code="a">GENERAL</subfield>
</datafield>
<datafield tag="950" ind1=" " ind2=" ">
<subfield code="l">BMAIN</subfield>
<subfield code="i">09/03/87 C</subfield>
</datafield>
<datafield tag="955" ind1=" " ind2=" ">
<subfield code="l">BMAIN</subfield>
<subfield code="c">1</subfield>
<subfield code="r">012551696</subfield>
<subfield code="i">09/03/87 C</subfield>
</datafield>
<datafield tag="998" ind1=" " ind2=" ">
<subfield code="a">09/03/87</subfield>
<subfield code="t">c</subfield>
<subfield code="s">9114</subfield>
<subfield code="n">NNU</subfield>
<subfield code="w">NYUG87B27006</subfield>
<subfield code="d">08/18/87</subfield>
<subfield code="b">MH</subfield>
<subfield code="i">870903</subfield>
<subfield code="l">NYUG</subfield>
</datafield>
<datafield tag="AVA" ind1=" " ind2=" ">
<subfield code="a">NYU50</subfield>
<subfield code="b">BOBST</subfield>
<subfield code="c">Main Collection</subfield>
<subfield code="d">PJ7860.I45 K5 1948</subfield>
<subfield code="e">unavailable</subfield>
<subfield code="t">Unavailable</subfield>
<subfield code="f">1</subfield>
<subfield code="g">1</subfield>
<subfield code="h">N</subfield>
<subfield code="i">0</subfield>
<subfield code="j">MAIN</subfield>
<subfield code="k">0</subfield>
</datafield>
</record>
